<record><leader>00000cas a2200000 a 4500</leader><controlfield tag="001">8800374</controlfield><controlfield tag="008">820923d18911978caudr ne      0   a0eng  </controlfield><datafield ind1=" " ind2=" " tag="010"><subfield code="a">sn 82014923 </subfield></datafield><datafield ind1=" " ind2=" " tag="040"><subfield code="a">DLC</subfield><subfield code="b">eng</subfield><subfield code="c">DLC</subfield><subfield code="d">NSD</subfield><subfield code="d">NPU</subfield><subfield code="d">DLC</subfield><subfield code="d">NPX</subfield><subfield code="d">NPT</subfield><subfield code="d">DLC</subfield><subfield code="d">YOX</subfield><subfield code="d">MGN</subfield><subfield code="d">CNK</subfield><subfield code="d">OCLCQ</subfield><subfield code="d">CRL</subfield><subfield code="d">CNK</subfield><subfield code="d">KRTAS</subfield><subfield code="d">CRL</subfield><subfield code="d">OCLCQ</subfield><subfield code="d">OCLCF</subfield></datafield><datafield ind1="1" ind2=" " tag="029"><subfield code="a">NZ1</subfield><subfield code="b">3718659</subfield></datafield><datafield ind1="1" ind2=" " tag="029"><subfield code="a">AU@</subfield><subfield code="b">000002645960</subfield></datafield><datafield ind1=" " ind2=" " tag="042"><subfield code="a">pcc</subfield></datafield><datafield ind1=" " ind2=" " tag="043"><subfield code="a">n-us-ca</subfield></datafield><datafield ind1="0" ind2="0" tag="050"><subfield code="a">Newspaper 7002</subfield></datafield><datafield ind1="0" ind2=" " tag="130"><subfield code="a">Oakland tribune (Oakland, Calif. : 1891)</subfield></datafield><datafield ind1="1" ind2="0" tag="245"><subfield code="a">Oakland tribune.</subfield></datafield><datafield ind1="3" ind2="0" tag="246"><subfield code="a">Oakland Sunday tribune</subfield></datafield><datafield ind1="3" ind2="0" tag="246"><subfield code="a">Sunday Oakland tribune</subfield></datafield><datafield ind1="3" ind2="0" tag="246"><subfield code="a">Oakland Saturday tribune</subfield></datafield><datafield ind1="3" ind2="0" tag="246"><subfield code="a">Saturday Oakland tribune</subfield></datafield><datafield ind1=" " ind2=" " tag="260"><subfield code="a">Oakland, Calif. :</subfield><subfield code="b">Tribune Pub. Co.</subfield></datafield><datafield ind1=" " ind2=" " tag="300"><subfield code="a">v. :</subfield><subfield code="b">ill. ;</subfield><subfield code="c">57-62 cm.</subfield></datafield><datafield ind1=" " ind2=" " tag="310"><subfield code="a">Daily</subfield></datafield><datafield ind1="0" ind2=" " tag="362"><subfield code="a">Vol. 32, no. 38 (Aug. 28, 1891)-v. 105, no. 253 (Sept. 10, 1978).</subfield></datafield><datafield ind1=" " ind2=" " tag="500"><subfield code="a">On Sundays published as: Oakland Sunday tribune, July 5, 1964-Feb. 9, 1975, Dec. 19, 1976-Sept. 10, 1978.</subfield></datafield><datafield ind1=" " ind2=" " tag="500"><subfield code="a">On Saturdays published as: Oakland Saturday tribune, Mar. 15, 1969-Feb. 1, 1975.</subfield></datafield><datafield ind1=" " ind2=" " tag="500"><subfield code="a">"Oakland" appears above masthead ornament on Sundays, July 5, 1964-Feb. 2, 1975; on Saturdays, Mar. 15, 1969-Feb. 1, 1975.</subfield></datafield><datafield ind1=" " ind2=" " tag="500"><subfield code="a">Published in various editions: Alameda County ed., City ed., Contra Costa ed., Greater Oakland ed., Home ed., Southern Alameda County ed., Valley ed.</subfield></datafield><datafield ind1=" " ind2=" " tag="530"><subfield code="a">Also issued on microfilm from Bay Microfilm Inc.</subfield></datafield><datafield ind1=" " ind2=" " tag="530"><subfield code="a">Master negatives are available for duplication from:</subfield><subfield code="b">California Newspaper Microfilm Archive;</subfield><subfield code="c">positive copies may be purchased by the reel; for further information consult the CNMA at:</subfield><subfield code="u">http://cbsr.ucr.edu</subfield></datafield><datafield ind1=" " ind2="0" tag="651"><subfield code="a">Oakland (Calif.)</subfield><subfield code="v">Newspapers.</subfield></datafield><datafield ind1=" " ind2="7" tag="655"><subfield code="a">Newspapers.</subfield><subfield code="2">fast</subfield><subfield code="0">(OCoLC)fst01423814</subfield></datafield><datafield ind1=" " ind2="7" tag="651"><subfield code="a">California</subfield><subfield code="z">Oakland.</subfield><subfield code="2">fast</subfield><subfield code="0">(OCoLC)fst01206605</subfield></datafield><datafield ind1=" " ind2=" " tag="752"><subfield code="a">United States</subfield><subfield code="b">California</subfield><subfield code="c">Alameda</subfield><subfield code="d">Oakland.</subfield></datafield><datafield ind1="0" ind2=" " tag="775"><subfield code="t">Berkeley tribune</subfield><subfield code="w">(DLC)sn 95062777</subfield><subfield code="w">(OCoLC)32628197</subfield></datafield><datafield ind1="0" ind2="0" tag="780"><subfield code="t">Oakland daily evening tribune</subfield><subfield code="w">(DLC)sn 85025018</subfield><subfield code="w">(OCoLC)11546702</subfield></datafield><datafield ind1="0" ind2="0" tag="785"><subfield code="t">Tribune (Oakland, Calif. : 1978)</subfield><subfield code="x">0745-3841</subfield><subfield code="w">(DLC)sn 83000745</subfield><subfield code="w">(OCoLC)9114130</subfield></datafield><datafield ind1="4" ind2="1" tag="856"><subfield code="3">Online version Nov 1941</subfield><subfield code="u">http://dds.crl.edu/CRLdelivery.asp?tid=16089</subfield><subfield code="z">Online version Nov 1941</subfield></datafield><datafield ind1=" " ind2=" " tag="938"><subfield code="a">Kirtas Technologies, Inc.</subfield><subfield code="b">KRTS</subfield><subfield code="n">736022</subfield></datafield></record>